@article{giri2019transfer,
  title={Transfer learning based image visualization using cnn},
  author={Giri, Santosh and Joshi, Basanta},
  journal={International Journal of Artificial Intelligence \& Applications},
  volume={10},
  number={4},
  pages={47--55},
  year={2019}
}